% This file was created with JabRef 2.5.
% Encoding: UTF8

@ARTICLE{citeulike:2272312,
  author = {Joshi, Anupam and Krishnapuram, Raghu},
  title = {On Mining Web Access Logs},
  year = {2000},
  pages = {63--69},
  abstract = {The proliferation of information on the world wide web has made the
	personalization of this information
	
	space a necessity. One possible approach to web personalization is
	to mine typical user profiles
	
	from the vast amount of historical data stored in access logs. In
	the absence of any a priori knowledge,
	
	unsupervised classification or clustering methods seem to be ideally
	suited to analyze the semi-structured
	
	log data of user accesses. In this paper, we define the notion of
	a \&quot;user...},
  booktitle = {ACM {SIGMOD} Workshop on Research Issues in Data Mining and Knowledge
	Discovery},
  citeulike-article-id = {2272312},
  citeulike-linkout-0 = {http://citeseerx.ist.psu.edu/viewdoc/summary?doi=10.1.1.40.5606},
  keywords = {clustering, fuzzy, web-mining},
  posted-at = {2008-01-22 08:15:12},
  priority = {5},
  url = {http://citeseerx.ist.psu.edu/viewdoc/summary?doi=10.1.1.40.5606}
}

@MISC{ref_clf,
  author = {Wikipedia},
  title = {Common Log Format},
  year = {2009},
  note = {\url{http://en.wikipedia.org/wiki/Common_Log_Format} [Online; accessed
	21-December-2009]},
  url = {\url{http://en.wikipedia.org/w/index.php?title=Beta_distribution&oldid=275189376}}
}

@comment{jabref-meta: selector_publisher:}

@comment{jabref-meta: selector_author:}

@comment{jabref-meta: selector_journal:}

@comment{jabref-meta: selector_keywords:}

